@article{khaliq,
        title={A new 3D mass diffusion–reaction model in the neuromuscular junction},
        volume={30},
        DOI={10.1007/s10827-010-0289-5},
        number={3},
        journal={Journal of Computational Neuroscience},
        author={Khaliq, Abdul and Jenkins, Frank and DeCoster, Mark and Dai, Weizhong},
        year={2010},
        pages={729–745}
} 
